<record><leader>00000cas a2200000 a 4500</leader><controlfield tag="001">210824184</controlfield><controlfield tag="008">841107d18551898iludr ne      0    0eng c</controlfield><datafield ind1=" " ind2=" " tag="010"><subfield code="a">sn 84038610 </subfield></datafield><datafield ind1=" " ind2=" " tag="040"><subfield code="a">NPX</subfield><subfield code="b">eng</subfield><subfield code="c">AQM</subfield><subfield code="d">OCLCQ</subfield><subfield code="d">NVF</subfield><subfield code="d">OCLCF</subfield><subfield code="d">OCLCO</subfield></datafield><datafield ind1=" " ind2=" " tag="042"><subfield code="a">pcc</subfield></datafield><datafield ind1=" " ind2=" " tag="043"><subfield code="a">n-us-il</subfield></datafield><datafield ind1="0" ind2=" " tag="130"><subfield code="a">Peoria daily transcript (Peoria, Ill. : 1855)</subfield></datafield><datafield ind1="1" ind2="0" tag="245"><subfield code="a">Peoria daily transcript.</subfield></datafield><datafield ind1=" " ind2=" " tag="260"><subfield code="a">Peoria, Ill. :</subfield><subfield code="b">Nathan C. Geer,</subfield><subfield code="c">1855-1898.</subfield></datafield><datafield ind1="2" ind2=" " tag="260"><subfield code="3">&lt;1855&gt;</subfield><subfield code="a">Peoria, Ill. :</subfield><subfield code="b">Wm. Rounseville</subfield></datafield><datafield ind1="2" ind2=" " tag="260"><subfield code="3">&lt;1869&gt;</subfield><subfield code="a">Peoria, Ill. :</subfield><subfield code="b">Peoria Transcript Co.</subfield></datafield><datafield ind1=" " ind2=" " tag="300"><subfield code="a">v. ;</subfield><subfield code="c">66-71 cm.</subfield></datafield><datafield ind1=" " ind2=" " tag="310"><subfield code="a">Daily</subfield></datafield><datafield ind1="1" ind2=" " tag="362"><subfield code="a">Began with Dec. 17, 1855 issue; ceased with Dec. 29, 1898 issue.</subfield><subfield code="z">Cf. Amer. newspapers, 1821-1936.</subfield></datafield><datafield ind1=" " ind2=" " tag="500"><subfield code="a">"Republican."</subfield></datafield><datafield ind1=" " ind2=" " tag="500"><subfield code="a">"Official organ of the Post Office."</subfield></datafield><datafield ind1=" " ind2=" " tag="580"><subfield code="a">Merged with: Peoria daily herald, to form: Peoria herald-transcript (Peoria, Ill. : Daily : 1898)</subfield></datafield><datafield ind1=" " ind2=" " tag="580"><subfield code="a">Issued also in weekly and triweekly editions.</subfield></datafield><datafield ind1=" " ind2=" " tag="588"><subfield code="a">Description based on: Vol. 3, no. 189 (Aug. 24, 1858).</subfield></datafield><datafield ind1=" " ind2="0" tag="651"><subfield code="a">Peoria (Ill.)</subfield><subfield code="v">Newspapers.</subfield></datafield><datafield ind1=" " ind2="7" tag="655"><subfield code="a">Newspapers.</subfield><subfield code="2">rbgenr</subfield></datafield><datafield ind1=" " ind2="7" tag="655"><subfield code="a">Newspapers.</subfield><subfield code="2">fast</subfield><subfield code="0">(OCoLC)fst01423814</subfield></datafield><datafield ind1=" " ind2="7" tag="651"><subfield code="a">Illinois</subfield><subfield code="z">Peoria.</subfield><subfield code="2">fast</subfield><subfield code="0">(OCoLC)fst01206107</subfield></datafield><datafield ind1=" " ind2=" " tag="752"><subfield code="a">United States</subfield><subfield code="b">Illinois</subfield><subfield code="c">Peoria</subfield><subfield code="d">Peoria.</subfield></datafield><datafield ind1="1" ind2=" " tag="775"><subfield code="t">Peoria tri-weekly transcript</subfield><subfield code="w">(DLC)sn 85038358</subfield><subfield code="w">(OCoLC)12346005</subfield></datafield><datafield ind1="1" ind2=" " tag="775"><subfield code="t">Tri-weekly transcript</subfield><subfield code="w">(DLC)sn 84038614</subfield><subfield code="w">(OCoLC)11358951</subfield></datafield><datafield ind1="1" ind2=" " tag="775"><subfield code="t">Peoria weekly transcript</subfield><subfield code="w">(DLC)sn 85038359</subfield><subfield code="w">(OCoLC)12346009</subfield></datafield><datafield ind1="1" ind2="7" tag="785"><subfield code="t">Peoria daily herald</subfield></datafield><datafield ind1="1" ind2="7" tag="785"><subfield code="t">Peoria herald-transcript (Peoria, Ill. : Daily : 1898)</subfield><subfield code="w">(DLC)sn 87056736</subfield><subfield code="w">(OCoLC)17166278</subfield></datafield></record>